@article{knuth84,
  author = {Knuth, Donald E.},
  title = {Literate Programming},
  year = {1984},
  issue_date = {May 1984},
  publisher = {Oxford University Press, Inc.},
  address = {USA},
  volume = {27},
  number = {2},
  issn = {0010-4620},
  url = {https://doi.org/10.1093/comjnl/27.2.97},
  doi = {10.1093/comjnl/27.2.97},
  journal = {Comput. J.},
  month = may,
  pages = {97â€“111},
  numpages = {15}
}

@book{smith2020medical,
  title={Medical Instrumentation: Application and Design},
  author={Smith, John},
  year={2020},
  publisher={Springer}
}

@article{doe2021diagnostic,
  title={Diagnostic Techniques in Modern Medicine},
  author={Doe, Jane},
  journal={Journal of Medical Devices},
  year={2021},
  volume={10},
  pages={123-130}
}


